%% This BibTeX bibliography file was created using BibDesk.
%% https://bibdesk.sourceforge.io/

%% Created for Ralph Michel at 2022-07-21 21:25:41 +0200 


%% Saved with string encoding Unicode (UTF-8) 



@book{laurencew.mckeenEffectUVLight2019,
	author = {{Laurence W. McKeen}},
	date = {2019},
	edition = {Fourth edition},
	isbn = {978-0-12-816457-0},
	langid = {english},
	location = {{Oxford United Kingdom}},
	publisher = {{William Andrew}},
	series = {Plastics Design Library},
	title = {The Effect of {{UV}} Light and Weather on Plastics and Elastomers}}
