
@book{baurSaechtlingKunststoffTaschenbuch2013,
  title = {Saechtling Kunststoff Taschenbuch},
  editor = {Baur, Erwin and Brinkmann, Sigrid and Osswald, Tim A. and Rudolph, Natalie and Schmachtenberg, Ernst and Saechtling, Hansj\"urgen},
  date = {2013},
  edition = {31. Ausgabe},
  publisher = {{Hanser}},
  location = {{M\"unchen}},
  isbn = {978-3-446-43442-4 978-3-446-43729-6},
  langid = {german},
  pagetotal = {859},
  file = {/Users/ralph/Zotero/storage/IQL23P8S/Baur et al. - 2013 - Saechtling Kunststoff Taschenbuch.pdf}
}


